@misc{ wiki:serie_temporal,
       author = "Wikipedia",
       title = "Serie temporal --- Wikipedia{,} La enciclopedia libre",
       year = "2015",
       howpublished = "\url{https://es.wikipedia.org/w/index.php?title=Serie_temporal&oldid=86168679}",
       note = "[Internet; descargado 25-octubre-2016]"
}
@misc{ web:angular_google,
   author = "Google",
   title = "Angular Google",
   howpublished = "\url{https://angular.io/}",
   note = "[Internet; descargado 26-Octubre-2016]"
 }
@misc{ web:influxdb,
   author = "InfluxDB",
   title = "InfluxDB",
   howpublished = "\url{https://www.influxdata.com/}",
   note = "[Internet; descargado 26-Octubre-2016]"
 }
@misc{ wiki:project_r,
       author = "Wikipedia",
       title = "R (lenguaje de programación) --- Wikipedia{,} La enciclopedia libre",
       year = "2016",
       howpublished = "\url{https://es.wikipedia.org/w/index.php?title=R_(lenguaje_de_programaci%C3%B3n)&oldid=93673065}",
       note = "[Internet; descargado 26-octubre-2016]"
}
@misc{ web:rstudio,
   author = "RStudio",
   title = "RStudio",
   howpublished = "\url{https://www.rstudio.com/}",
   note = "[Internet; descargado 26-Octubre-2016]"
 }
 @misc{ wiki:scrum,
       author = "Wikipedia",
       title = "Scrum (desarrollo de software) --- Wikipedia{,} La enciclopedia libre",
       year = "2016",
       howpublished = "\url{https://es.wikipedia.org/w/index.php?title=Scrum_(desarrollo_de_software)&oldid=94110496}",
       note = "[Internet; descargado 27-octubre-2016]"
}
@misc{ wiki:modelo_vista_controlador,
       author = "Wikipedia",
       title = "Modelo–vista–controlador --- Wikipedia{,} La enciclopedia libre",
       year = "2016",
       howpublished = "\url{https://es.wikipedia.org/w/index.php?title=Modelo%E2%80%93vista%E2%80%93controlador&oldid=94314709}",
       note = "[Internet; descargado 27-octubre-2016]"
}
@misc{ wiki:rest,
       author = "Wikipedia",
       title = "Representational State Transfer --- Wikipedia{,} La enciclopedia libre",
       year = "2016",
       howpublished = "\url{https://es.wikipedia.org/w/index.php?title=Representational_State_Transfer&oldid=93410210}",
       note = "[Internet; descargado 27-octubre-2016]"
}
@misc{ wiki:fibonacci,
       author = "Wikipedia",
       title = "Sucesión de Fibonacci --- Wikipedia{,} La enciclopedia libre",
       year = "2016",
       howpublished = "\url{https://es.wikipedia.org/w/index.php?title=Sucesi%C3%B3n_de_Fibonacci&oldid=94573974}",
       note = "[Internet; descargado 27-octubre-2016]"
}
@misc{article:complejidad,
   author    = "L. A. Molina, M. Escalona-Morán, M. G. Cosenza",
   title    = "Complejidad estadística en series temporales",
   howpublished    = {\url{http://www.ciens.ula.ve/cff/caoticos/PDFs/EscalonaMolinaCosenza2008_NAC.pdf}},
   note = "Internet; descargado 1-Noviembre-2016]"
}
@misc{ web:phpr,
   author = "kachkaev",
   title = "Php-R",
   howpublished = "\url{https://github.com/kachkaev/php-r}",
   note = "[Internet; descargado 22-Noviembre-2016]"
 }
@misc{ web:docker,
   author = "Docker",
   title = "Contenedor Docker",
   howpublished = "\url{https://www.docker.com/}",
   note = "[Internet; descargado 22-Noviembre-2016]"
 }
@misc{ web:ng2-page-scroll,
   author = "nolanus",
   title = "Ng2 Page Scroll",
   howpublished = "\url{https://www.npmjs.com/package/ng2-page-scroll}",
   note = "[Internet; descargado 23-Noviembre-2016]"
 }
@misc{ wiki:maquinaturing,
       author = "Wikipedia",
       title = "Máquina de Turing --- Wikipedia{,} La enciclopedia libre",
       year = "2017",
       howpublished = "\url{https://es.wikipedia.org/w/index.php?title=M%C3%A1quina_de_Turing&oldid=98707795}",
       note = "[Internet; descargado 24-mayo-2017]"
}
@misc{article:kolmogorov,
   author = "Ricardo Baeza Yates, Rodrigo Paredes",
   title = "Complejidad de Kolmogorov",
   howpublished = "\url{https://users.dcc.uchile.cl/~raparede/clases/cc40a/kolmogorov/clase.pdf}",
   note = "[Internet; descargado 24-Mayo-2017]"
 }
@misc{article:kolmogorovcomplexity,
   author    = "D.T.Mihailovic, .Mimic, Nikolic-Doric and I.Arsenic",
   title    = "Novel measures based on the Kolmogorov complexity for use in complex system behavior studies and time series analysis",
   howpublished    = {\url{http://arxiv.org/pdf/1310.1304v1.pdf}},
   note = "[Internet; descargado 24-Mayo-2017]"
}
@misc{ wiki:kolmogorov,
   author = "Wikipedia",
   title = "Kolmogorov complexity --- Wikipedia{,} The Free Encyclopedia",
   year = "2017",
   howpublished = "\url{http://en.wikipedia.org/w/index.php?title=Kolmogorov_complexity&oldid=646881276}",
   note = "[Internet; descargado 24-Mayo-2017]"
 }
@misc{article:lempelziv,
   author    = "Da-Guan Ke and Qin-Ye Tong",
   title    = "Easily Adaptable Complexity Measure for Finite Time Series",
   howpublished    = {\url{http://arxiv.org/pdf/nlin/0505052.pdf}},
   note = "[Internet; descargado 24-Mayo-2017]"
}
@misc{ wiki:shannon,
       author = "Wikipedia",
       title = "Claude Elwood Shannon --- Wikipedia{,} La enciclopedia libre",
       year = "2017",
       howpublished = "\url{https://es.wikipedia.org/w/index.php?title=Claude_Elwood_Shannon&oldid=98862064}",
       note = "[Internet; descargado 26-mayo-2017]"
}
@misc{ wiki:shannonentropy,
   author = "Wiktionary",
   title = "Shannon entropy --- Wiktionary{,} The Free Dictionary",
   year = "2017",
   howpublished = "\url{https://en.wiktionary.org/w/index.php?title=Shannon_entropy&oldid=45005014}",
   note = "[Internet; descargado 26-Mayo-2017]"
}
@misc{ article:shannonentropy,
   author = "ueltschi",
   title = "Shannon Entropy",
   year = "2017",
   howpublished = "\url{http://www.ueltschi.org/teaching/chapShannon.pdf}",
   note = "[Internet; descargado 26-Mayo-2017]"
}
@misc{ web:chaoshenentropy,
   author = "Korbinian Strimmer",
   title = "entropy: Chao-Shen",
   year = "2017",
   howpublished = "\url{https://rdrr.io/cran/entropy/man/entropy.ChaoShen.html}",
   note = "[Internet; descargado 26-Mayo-2017]"
}
@misc{ article:entropypackage,
   author = "Jean Hausser and Korbinian Strimmer",
   title = "Package ‘entropy’",
   year = "2017",
   howpublished = "\url{https://cran.r-project.org/web/packages/entropy/entropy.pdf}",
   note = "[Internet; descargado 26-Mayo-2017]"
}
@misc{ web:dirichletentropy,
   author = "Korbinian Strimmer",
   title = "entropy: Dirichlet",
   year = "2017",
   howpublished = "\url{https://www.rdocumentation.org/packages/entropy/versions/1.2.1/topics/entropy.Dirichlet}",
   note = "[Internet; descargado 26-Mayo-2017]"
}
@misc{ web:millermadowentropy,
   author = "Sebastian Nowozin",
   title = "Estimating Discrete Entropy, Part 2",
   year = "2017",
   howpublished = "\url{http://www.nowozin.net/sebastian/blog/estimating-discrete-entropy-part-2.html}",
   note = "[Internet; descargado 26-Mayo-2017]"
}
@misc{ web:millermadowentropyr,
   author = "Korbinian Strimmer",
   title = "R: Miller-Madow",
   year = "2017",
   howpublished = "\url{https://artax.karlin.mff.cuni.cz/r-help/library/entropy/html/entropy.MillerMadow.html}",
   note = "[Internet; descargado 26-Mayo-2017]"
}
@misc{ web:shrinkentropy,
   author = "Korbinian Strimmer",
   title = "entropy.Shrink function",
   year = "2017",
   howpublished = "\url{https://www.rdocumentation.org/packages/entropy/versions/1.2.1/topics/entropy.shrink}",
   note = "[Internet; descargado 26-Mayo-2017]"
}
@book{abe2012neural,
  title={Neural Networks and Fuzzy Systems: Theory and Applications},
  author={Abe, S.},
  isbn={9781461562535},
  url={https://books.google.es/books?id=1VLaBwAAQBAJ},
  year={2012},
  publisher={Springer US}
}
@misc{ wiki:clustering,
       author = "Wikipedia",
       title = "Algoritmo de agrupamiento --- Wikipedia{,} La enciclopedia libre",
       year = "2017",
       url = "\url{https://es.wikipedia.org/w/index.php?title=Algoritmo_de_agrupamiento&oldid=96179300}",
       note = "[Internet; descargado 26-mayo-2017]"
}
@misc{ wiki:clusteringjerarquico,
       author = "Wikipedia",
       title = "Agrupamiento jerárquico --- Wikipedia{,} La enciclopedia libre",
       year = "2017",
       url = "\url{https://es.wikipedia.org/w/index.php?title=Agrupamiento_jer%C3%A1rquico&oldid=99013521}",
       note = "[Internet; descargado 26-mayo-2017]"
}
@misc{ wiki:fuzzyclustering,
       author = "Wikipedia",
       title = "Fuzzy clustering --- Wikipedia{,} La enciclopedia libre",
       year = "2017",
       url = "\url{https://es.wikipedia.org/w/index.php?title=Fuzzy_clustering&oldid=97940939}",
       note = "[Internet; descargado 26-mayo-2017]"
}
@misc{ web:mclustclustering,
       author = "sthda",
       title = "Model-Based Clustering",
       year = "2017",
       url = "\url{http://www.sthda.com/english/wiki/model-based-clustering-unsupervised-machine-learning#mclust-r-function-for-computing-model-based-clustering}",
       note = "[Internet; descargado 26-mayo-2017]"
}
@misc{ web:hclustclustering,
       author = "Teja Kodali",
       title = "Hierarchical Clustering in R",
       year = "2017",
       url = "\url{https://www.r-bloggers.com/hierarchical-clustering-in-r-2/}",
       note = "[Internet; descargado 26-mayo-2017]"
}
@misc{ wiki:kmeans,
       author = "Wikipedia",
       title = "K-means --- Wikipedia{,} La enciclopedia libre",
       year = "2017",
       url = "\url{https://es.wikipedia.org/w/index.php?title=K-means&oldid=99087505}",
       note = "[Internet; descargado 26-mayo-2017]"
}
@misc{ wiki:arima,
       author = "Wikipedia",
       title = "Modelo autorregresivo integrado de media móvil --- Wikipedia{,} La enciclopedia libre",
       year = "2016",
       url = "\url{https://es.wikipedia.org/w/index.php?title=Modelo_autorregresivo_integrado_de_media_m%C3%B3vil&oldid=94636421}",
       note = "[Internet; descargado 26-mayo-2017]"
}
@misc{ wiki:holtwinters,
       author = "Wikipedia",
       title = "Suavizamiento exponencial --- Wikipedia{,} La enciclopedia libre",
       year = "2016",
       url = "\url{https://es.wikipedia.org/w/index.php?title=Suavizamiento_exponencial&oldid=94810306}",
       note = "[Internet; descargado 26-mayo-2017]"
}
@misc{ web:structts,
       author = "Juan Carlos Abril",
       title = "Structural Time Series Models",
       year = "2014",
       url = "\url{https://link.springer.com/referenceworkentry/10.1007%2F978-3-642-04898-2_577}",
       note = "[Internet; descargado 26-mayo-2017]"
}
@misc{ article:bats,
       author = "Rob Jhyndman",
       title = "Forecasting time series with complex seasonal patterns using exponential smoothing",
       year = "2010",
       url = "\url{https://robjhyndman.com/papers/ComplexSeasonality.pdf}",
       note = "[Internet; descargado 26-mayo-2017]"
}
@misc{ web:stl,
       author = "Rob Jhyndman",
       title = "forecast.stl function",
       url = "\url{https://www.rdocumentation.org/packages/forecast/versions/7.3/topics/forecast.stl}",
       note = "[Internet; descargado 26-mayo-2017]"
}
@misc{ wiki:git,
       author = "Wikipedia",
       title = "Git --- Wikipedia{,} La enciclopedia libre",
       year = "2017",
       url = "\url{https://es.wikipedia.org/w/index.php?title=Git&oldid=99756908}",
		note = "[Internet; descargado 19-junio-2017]"
}
@misc{ wiki:rstudio,
       author = "Wikipedia",
       title = "RStudio --- Wikipedia{,} La enciclopedia libre",
       year = "2017",
       url = "\url{https://es.wikipedia.org/w/index.php?title=RStudio&oldid=98077696}",
		note = "[Internet; descargado 19-junio-2017]"
}
@misc{ web:phpstorm,
       author = "Jetbrains",
       title = "PhpStorm IDE",
       year = "2017",
       url = "\url{https://www.jetbrains.com/phpstorm/}",
		note = "[Internet; descargado 19-junio-2017]"
}
@misc{ web:youtrack,
       author = "Jetbrains",
       title = "Youtrack",
       year = "2017",
       url = "\url{https://www.jetbrains.com/youtrack/}",
		note = "[Internet; descargado 19-junio-2017]"
}
@misc{ web:teamcity,
       author = "Jetbrains",
       title = "Teamcity",
       year = "2017",
       url = "\url{https://www.jetbrains.com/teamcity/}",
		note = "[Internet; descargado 19-junio-2017]"
}
@misc{ wiki:npm,
       author = "Wikipedia",
       title = "Npm --- Wikipedia{,} La enciclopedia libre",
       year = "2016",
       url = "\url{https://es.wikipedia.org/w/index.php?title=Npm&oldid=94816623}",
	   note = "[Internet; descargado 19-junio-2017]"
}
@misc{ web:composer,
       author = "Composer",
       title = "Composer",
       year = "2017",
       url = "\url{https://getcomposer.org/}",
		note = "[Internet; descargado 19-junio-2017]"
}
@misc{ web:visualparadigm,
       author = "Visual Paradigm",
       title = "Visual Paradigm",
       year = "2017",
       url = "\url{https://www.visual-paradigm.com/}",
		note = "[Internet; descargado 19-junio-2017]"
}
@misc{ github:influxdb,
       author = "Influxdb-php",
       title = "Influxdb-php",
       year = "2017",
       url = "\url{https://github.com/influxdata/influxdb-php}",
		note = "[Internet; descargado 19-junio-2017]"
}
@misc{ web:pycharm,
       author = "Jetbrains",
       title = "PyCharm IDE",
       year = "2017",
       url = "\url{https://www.jetbrains.com/pycharm/}",
		note = "[Internet; descargado 19-junio-2017]"
}
@misc{ wiki:docker,
       author = "Wikipedia",
       title = "Docker (software) --- Wikipedia{,} La enciclopedia libre",
       year = "2017",
       url = "\url{https://es.wikipedia.org/w/index.php?title=Docker_(software)&oldid=99221932}",
	   note = "[Internet; descargado 19-junio-2017]"
}
@misc{ wiki:phpmyadmin,
       author = "Wikipedia",
       title = "PhpMyAdmin --- Wikipedia{,} La enciclopedia libre",
       year = "2017",
       url = "\url{https://es.wikipedia.org/w/index.php?title=PhpMyAdmin&oldid=99427052}",
	   note = "[Internet; descargado 19-junio-2017]"
}
@misc{ wiki:apache,
       author = "Wikipedia",
       title = "Servidor HTTP Apache --- Wikipedia{,} La enciclopedia libre",
       year = "2017",
       url = "\url{https://es.wikipedia.org/w/index.php?title=Servidor_HTTP_Apache&oldid=98725864}",
	   note = "[Internet; descargado 19-junio-2017]"
}
@misc{ pdf:r6,
       author = "Winston Chang",
       title = "R6",
       year = "2017",
       url = "\url{https://cran.r-project.org/web/packages/R6/R6.pdf}",
	   note = "[Internet; descargado 19-junio-2017]"
}
@misc{ pdf:entropy,
       author = "Jean Hausser and Korbinian Strimmer",
       title = "Entropy",
       year = "2017",
       url = "\url{https://cran.r-project.org/web/packages/entropy/entropy.pdf}",
	   note = "[Internet; descargado 19-junio-2017]"
}
@misc{ pdf:parallel,
       author = "R-core",
       title = "parallel",
       year = "2017",
       url = "\url{https://stat.ethz.ch/R-manual/R-devel/library/parallel/doc/parallel.pdf}",
	   note = "[Internet; descargado 19-junio-2017]"
}
@misc{ pdf:testthat,
       author = "Hadley Wickham",
       title = "testthat",
       year = "2017",
       url = "\url{https://cran.r-project.org/web/packages/testthat/testthat.pdf}",
	   note = "[Internet; descargado 19-junio-2017]"
}
@misc{ pdf:forecast,
       author = "Rob Hyndman",
       title = "Forecast",
       year = "2017",
       url = "\url{https://cran.r-project.org/web/packages/forecast/forecast.pdf}",
	   note = "[Internet; descargado 19-junio-2017]"
}
@misc{ pdf:xts,
       author = "Jeffrey A. Ryan, Joshua M. Ulrich",
       title = "Xts",
       year = "2017",
       url = "\url{https://cran.r-project.org/web/packages/xts/xts.pdf}",
	   note = "[Internet; descargado 19-junio-2017]"
}
@misc{ pdf:rcpp,
       author = "Dirk Eddelbuettel",
       title = "Rcpp",
       year = "2017",
       url = "\url{https://cran.r-project.org/web/packages/Rcpp/Rcpp.pdf}",
	   note = "[Internet; descargado 19-junio-2017]"
}
@misc{ web:rcppparallel,
       author = "RcppParallel",
       title = "RcppParallel",
       year = "2017",
       url = "\url{https://rcppcore.github.io/RcppParallel/}",
	   note = "[Internet; descargado 19-junio-2017]"
}
@misc{ pdf:bigmemory,
       author = "Michael J. Kane",
       title = "Bigmemory",
       year = "2017",
       url = "\url{https://cran.r-project.org/web/packages/bigmemory/bigmemory.pdf}",
	   note = "[Internet; descargado 19-junio-2017]"
}
@misc{ github:guzzle,
       author = "Guzzle",
       title = "Guzzle Http",
       year = "2017",
       url = "\url{https://github.com/guzzle/guzzle}",
	   note = "[Internet; descargado 19-junio-2017]"
}
@misc{ web:slim,
       author = "Slim",
       title = "Slim framework",
       year = "2017",
       url = "\url{https://www.slimframework.com/}",
	   note = "[Internet; descargado 19-junio-2017]"
}
@misc{ web:phpunit,
       author = "Phpunit",
       title = "PhpUnit",
       year = "2017",
       url = "\url{https://phpunit.de/}",
	   note = "[Internet; descargado 19-junio-2017]"
}
@misc{ web:bootstrap,
       author = "Bootstrap",
       title = "Bootstrap",
       year = "2017",
       url = "\url{http://getbootstrap.com/}",
	   note = "[Internet; descargado 19-junio-2017]"
}
@misc{ web:highcharts,
       author = "Highcharts",
       title = "Highcharts",
       year = "2017",
       url = "\url{https://www.highcharts.com/}",
	   note = "[Internet; descargado 19-junio-2017]"
}
@misc{ web:karma,
       author = "Karma",
       title = "Karma",
       year = "2017",
       url = "\url{https://www.npmjs.com/package/karma}",
	   note = "[Internet; descargado 19-junio-2017]"
}
@misc{ web:ngx-modal,
       author = "Ngx-modal",
       title = "Ngx-modal",
       year = "2017",
       url = "\url{https://www.npmjs.com/package/ngx-modal}",
	   note = "[Internet; descargado 19-junio-2017]"
}