@misc{presentation:DataComplexityAnalysis,
   author    = "Tim Kam Ho",
   title    = "Data Complexity Analysis: Linkage between Context and Solution in Classification",
   howpublished    = {\url{http://www.ee.surrey.ac.uk/CVSSP/Projects/TC1/pda/Tin_Kam_Ho_Pres.pdf}},
   note = "[Online; accessed 9-March-2015]"
}

@misc{article:EasilyAdaptableComplexityMeasure,
   author    = "Da-Guan Ke and Qin-Ye Tong",
   title    = "Easily Adaptable Complexity Measure for Finite Time Series",
   howpublished    = {\url{http://arxiv.org/pdf/nlin/0505052.pdf}},
   note = "[Online; accessed 9-March-2015]"
}

@misc{software:DCol,
   author    = "Albert Orriols-Puig and Núria Macià",
   title    = "DCol: Data Complexity Library in C++",
   howpublished    = {\url{http://dcol.sourceforge.net/}},
   note = "[Online; accessed 9-March-2015]"
}

@misc{wiki:DTW,
   author = "Wikipedia",
   title = "Dynamic time warping --- Wikipedia{,} The Free Encyclopedia",
   year = "2015",
   howpublished = "\url{http://en.wikipedia.org/w/index.php?title=Dynamic_time_warping&oldid=645812917}",
   note = "[Online; accessed 9-March-2015]"
 }

@misc{article:PermutationEntropy,
   author = "Christoph Bandt and Bernd Pompe",
   title = "Permutation entropy — a natural complexity measure for time series",
   year = "2012",
   howpublished = "\url{http://www.math.uni-bremen.de/zetem/DFG-Schwerpunkt/preprints/orig/bandt_pompe_permutation.pdf}",
   note = "[Online; accessed 9-March-2015]"
 }

@book{book:DataComplexity,
   author    = "Mitra Basu and Tim Kam Ho",
   title    = "Data Complexity in Pattern Recognition",
}

@misc{ wiki:kolmogorov,
   author = "Wikipedia",
   title = "Kolmogorov complexity --- Wikipedia{,} The Free Encyclopedia",
   year = "2015",
   howpublished = "\url{http://en.wikipedia.org/w/index.php?title=Kolmogorov_complexity&oldid=646881276}",
   note = "[Online; accessed 10-March-2015]"
 }
 
 @book{book:smith,
 	author = "P.A. Kolers, M.E. Wrolstad and H. Bouma",
 	title = "Processing of Visible Language 2",
 	year = "1980"
 }

@misc{ web:clustering_classification,
   author = "RDM",
   title = "Time Series Clustering and Classification",
   howpublished = "\url{http://www.rdatamining.com/examples/time-series-clustering-classification}",
   note = "[Online; accessed 6-April-2015]"
 }
 
@misc{article:KolmogorovComplexity,
   author    = "D.T.Mihailovic, .Mimic, Nikolic-Doric and I.Arsenic",
   title    = "Novel measures based on the Kolmogorov complexity for use in complex system behavior studies and time series analysis",
   howpublished    = {\url{http://arxiv.org/pdf/1310.1304v1.pdf}},
   note = "[Online; accessed 20-April-2015]"
}